@article{docker,
	author = {Nigel Brown},
	title = {Containerizing a Software Application with Docker},
	journal={},
	year={},
	publisher = {Pluralsight},
	note={https://app.pluralsight.com/},
}
@article{django,
	author = {Reindert Jan},
	title = {Django Fundamentals},
	journal={},
	year={},
	publisher = {Pluralsight},
	note = {https://app.pluralsight.com/}
}
@inproceedings{mapreduce,
	author = {Dean, Jeffrey and Ghemawat, Sanjay},
	year = {2004},
	month = {01},
	pages = {137-150},
	title = {MapReduce: Simplified Data Processing on Large Clusters},
	volume = {51},
	journal = {Communications of the ACM},
	doi = {10.1145/1327452.1327492},
	note = {https://www.researchgate.net/publication/220851866\_MapReduce\_Simplified\_Data\\\_Processing\_on\_Large\_Clusters}
}
@article{spark,
	author = {Zaharia, Matei and Chowdhury, Mosharaf and Franklin, Michael and Shenker, Scott and Stoica, Ion},
	year = {2010},
	month = {07},
	pages = {10-10},
	title = {Spark: Cluster Computing with Working Sets},
	volume = {10},
	journal = {Proceedings of the 2nd USENIX conference on Hot topics in cloud computing},
	note = {https://www.researchgate.net/publication/234790155\_Spark\_Cluster\_Computing\\\_with\_Working\_Sets}
}
@article{kmeans,
	author = {Bahmani, Bahman and Moseley, Benjamin and Vattani, Andrea and Kumar, Ravi and Vassilvitskii, Sergei},
	year = {2012},
	month = {03},
	title = {Scalable K-Means++},
	volume = {5},
	journal = {Proc. VLDB Endow.},
	doi = {10.14778/2180912.2180915},
	note = {https://www.researchgate.net/publication/221966107\_Scalable\_K-Means}
}
@article{lsh,
	author = {Gionis, Aristides and Indyk, Piotr and Motwani, Rajeev},
	year = {2000},
	month = {05},
	pages = {},
	title = {Similarity Search in High Dimensions via Hashing},
	volume = {99},
	journal = {Proceeding VLDB '99 Proceedings of the 25th International Conference on Very Large Data Bases},
	note = {https://www.researchgate.net/publication/2634460\_Similarity\_Search\_in\_High\_Dimensions\\\_via\_Hashing}
}
@ARTICLE{quantcloud,
	author={P. {Zhang} and X. {Shi} and S. U. {Khan}},
	journal={IEEE Transactions on Big Data}, 
	title={QuantCloud: Enabling Big Data Complex Event Processing for Quantitative Finance Through a Data-Driven Execution}, 
	year={2019},
	volume={5},
	number={4},
	pages={564-575},
	doi={10.1109/TBDATA.2018.2847629},
	note = {https://ieeexplore.ieee.org/document/8386682}
}
@INPROCEEDINGS{deduplication,
	author={A. {Berman} and Y. {Birk} and A. {Mendelson}},
	booktitle={2014 IEEE 28th Convention of Electrical   Electronics Engineers in Israel (IEEEI)}, 
	title={Accelerating duplicate data chunk recognition using NN trained by locality-sensitive hash}, 
	year={2014},
	volume={},
	number={},
	pages={1-5},
	doi={10.1109/EEEI.2014.7005887},
	note = {https://ieeexplore.ieee.org/document/7005887}
}
@ARTICLE{amq,
	author={Y. {Hua} and B. {Xiao} and B. {Veeravalli} and D. {Feng}},
	journal={IEEE Transactions on Computers}, 
	title={Locality-Sensitive Bloom Filter for Approximate Membership Query}, 
	year={2012},
	volume={61},
	number={6},
	pages={817-830},
	doi={10.1109/TC.2011.108},
	note= {https://ieeexplore.ieee.org/document/5928322}
}
@INPROCEEDINGS{brandsimpact,
	author={L. {Huang} and X. {Zhang}},
	booktitle={2009 1st IEEE Symposium on Web Society}, 
	title={A new marketing effectiveness metric based on web data mining}, 
	year={2009},
	volume={},
	number={},
	pages={5-9},
	doi={10.1109/SWS.2009.5271733},
	note = {https://ieeexplore.ieee.org/document/5271733}
}
@INPROCEEDINGS{marketingml,
	author={P. {Vats} and K. {Samdani}},
	booktitle={2019 IEEE International Conference on System, Computation, Automation and Networking (ICSCAN)}, 
	title={Study on Machine Learning Techniques In Financial Markets}, 
	year={2019},
	volume={},
	number={},
	pages={1-5},
	doi={10.1109/ICSCAN.2019.8878741},
	note = {https://ieeexplore.ieee.org/document/8878741}
}
@INPROCEEDINGS{socialtrends,
	author={H. N. {Bhor} and T. {Koul} and R. {Malviya} and K. {Mundra}},
	booktitle={2018 2nd International Conference on Inventive Systems and Control (ICISC)}, 
	title={Digital media marketing using trend analysis on social media}, 
	year={2018},
	volume={},
	number={},
	pages={1398-1400},
	doi={10.1109/ICISC.2018.8399038},
	note = {https://ieeexplore.ieee.org/document/8399038}
}
@INPROCEEDINGS{sentimentanalysis,
	author={V. S. {Rajput} and S. M. {Dubey}},
	booktitle={2016 2nd International Conference on Next Generation Computing Technologies (NGCT)}, 
	title={Stock market sentiment analysis based on machine learning}, 
	year={2016},
	volume={},
	number={},
	pages={506-510},
	doi={10.1109/NGCT.2016.7877468},
	note = {https://ieeexplore.ieee.org/document/7877468}
}
@article{digitaltrasformationsmes,
	title = {Digital Transformation Process and SMEs},
	journal = {Procedia Computer Science},
	volume = {158},
	pages = {662-671},
	year = {2019},
	note = {3rd WORLD CONFERENCE ON TECHNOLOGY, INNOVATION AND ENTREPRENEURSHIP"INDUSTRY 4.0 FOCUSED INNOVATION, TECHNOLOGY, ENTREPRENEURSHIP AND MANUFACTURE" June 21-23, 2019},
	issn = {1877-0509},
	doi = {https://doi.org/10.1016/j.procs.2019.09.101},
	author = {Dilber Ulas},
	keywords = {Digital transformation, SMEs, E-commerce;enterprise 4.0, big data, cloud computing, 3D printing}
}
@article{mlworkflow,
	author = {Johnson, Kipp and Soto, Jessica and Glicksberg, Benjamin and Khader, Shameer and Miotto, Riccardo and Ali, Mohsin and Ashley, Euan},
	year = {2018},
	month = {06},
	pages = {2668-2679},
	title = {Artificial Intelligence in Cardiology},
	volume = {71},
	journal = {Journal of the American College of Cardiology},
	doi = {10.1016/j.jacc.2018.03.521},
	note = {https://www.researchgate.net/publication/325585229\_Artificial\_Intelligence\_in\_Cardiology}
}
@article{googleanalytics,
	author = {Galbraith, Susanna},
	year = {2013},
	month = {08},
	pages = {119-122},
	title = {Google Analytics},
	volume = {34},
	journal = {Journal of the Canadian Health Libraries Association},
	doi = {10.5596/c13-022},
	note = {https://www.researchgate.net/publication/272894748\_Google\_Analytics}
}
@article{marketingresearch,
	author = {Ayuba, Bello and Aina, Olalekan and Kazeem},
	year = {2015},
	month = {01},
	pages = {},
	title = {The Role of Marketing Research on the Performance of Business Organizations},
	volume = {7},
	journal={},
	note = {https://www.researchgate.net/publication/344177049\_The\_Role\_of\_Marketing\_Research\\\_on\_the\_Performance\_of\_Business\_Organizations}
}
@INPROCEEDINGS{reinforcementlearning,
	author={Ma, Lixin and Liu, Yang},
	booktitle={2019 11th International Conference on Measuring Technology and Mechatronics Automation (ICMTMA)}, 
	title={Application of a Deep Reinforcement Learning Method in Financial Market Trading}, 
	year={2019},
	volume={},
	number={},
	pages={421-425},
	doi={10.1109/ICMTMA.2019.00099},
	note = {https://ieeexplore.ieee.org/document/8858758}
}
@INPROCEEDINGS{onlineregressionkernels,
	author={Van Vaerenbergh, S. and I. Santamaria},
	title={Online Regression with Kernels},
	booktitle={Regularization, Optimization, Kernels, and Support Vector Machines},
	publisher={Chapman and Hall/CRC},
	address={New York},
	year={2014},
	pages={477-501},
	chapter={21},
	note={https://gtas.unican.es/files/pub/ch21\_online\_regression\_with\_kernels.pdf}
}
@inproceedings{silhouette,
	author = {Wang, Fei and Franco-Penya, Hector-Hugo and Kelleher, John and Pugh, John and Ross, Robert},
	year = {2017},
	month = {07},
	pages = {},
	title = {An Analysis of the Application of Simplified Silhouette to the Evaluation of k-means Clustering Validity},
	isbn = {978-3-319-62415-0},
	doi = {10.1007/978-3-319-62416-7_21},
	note={https://www.researchgate.net/publication/318109824}
}


